%% This BibTeX bibliography file was created using BibDesk.
%% https://bibdesk.sourceforge.io/

%% Created for Henning Hontheim at 2020-03-11 15:25:32 +0100 


%% Saved with string encoding Unicode (UTF-8) 



@book{cobbe,
	Author = {Alessandro Cobbe},
	Date-Added = {2020-03-11 15:21:45 +0100},
	Date-Modified = {2020-03-11 15:25:29 +0100},
	Publisher = {Universit{\"a}t der Bundeswehr M{\"u}nchen},
	Title = {{Zahlentheorie und Kryptographie}},
	Year = {Herbsttrimester 2019}}

@misc{blakley-images,
	Author = {Fred the Oyster},
	Date-Added = {2020-03-10 12:21:51 +0100},
	Date-Modified = {2020-03-10 12:23:17 +0100},
	Howpublished = {\url{https://en.wikipedia.org/wiki/Secret_sharing#Blakley's_scheme}},
	Lastchecked = {2020-03-10},
	Title = {Blakley's scheme}}

@book{quantum,
	Author = {Sergienko, Alexander},
	Date-Added = {2020-03-10 12:02:00 +0100},
	Date-Modified = {2020-03-10 12:49:21 +0100},
	Isbn = {978-0-8493-3684-3},
	Journal = {Quantum Communications and Cryptography},
	Month = {01},
	Publisher = {CRC Press},
	Title = {Quantum Communications and Cryptography},
	Year = {2005}}

@article{blakley,
	Added-At = {2009-12-14T10:58:50.000+0100},
	Address = {Monval, NJ, USA},
	Author = {Blakley, G.R.},
	Biburl = {https://www.bibsonomy.org/bibtex/2d299f27b0678618f833266cc435eb4e2/danfunky},
	Booktitle = {Proceedings of the 1979 AFIPS National Computer Conference},
	Date-Added = {2020-03-10 11:54:35 +0100},
	Date-Modified = {2020-03-10 12:23:57 +0100},
	Interhash = {49123889df9c6d90a367963e844a84e4},
	Intrahash = {d299f27b0678618f833266cc435eb4e2},
	Journal = {Proceedings of the 1979 AFIPS National Computer Conference},
	Owner = {D047718},
	Pages = {313--317},
	Publisher = {AFIPS Press},
	Timestamp = {2009-12-14T10:58:51.000+0100},
	Title = {Safeguarding cryptographic keys},
	Year = 1979}

@book{vandermonde,
	Author = {Ableitinger, Christoph and Herrmann, Angela},
	Date-Added = {2020-03-09 13:50:48 +0100},
	Date-Modified = {2020-03-09 19:23:25 +0100},
	Doi = {10.1007/978-3-658-02353-9},
	Isbn = {9783658023539},
	Publisher = {Springer Fachmedien Wiesbaden},
	Title = {{Lernen aus Musterl{\"o}sungen zur Analysis und Linearen Algebra}},
	Url = {http://dx.doi.org/10.1007/978-3-658-02353-9},
	Year = {2013},
	Bdsk-Url-1 = {http://dx.doi.org/10.1007/978-3-658-02353-9}}

@article{shamir_naor,
	Author = {Naor, Moni and Shamir, Adi},
	Date-Added = {2020-03-07 20:50:36 +0100},
	Date-Modified = {2020-03-07 20:50:59 +0100},
	Doi = {10.1007/bfb0053419},
	Isbn = {9783540447177},
	Issn = {1611-3349},
	Journal = {Lecture Notes in Computer Science},
	Pages = {1--12},
	Publisher = {Springer Berlin Heidelberg},
	Title = {Visual cryptography},
	Url = {http://dx.doi.org/10.1007/BFb0053419},
	Year = {1995},
	Bdsk-Url-1 = {http://dx.doi.org/10.1007/BFb0053419},
	Bdsk-Url-2 = {http://dx.doi.org/10.1007/bfb0053419}}

@misc{visual,
	Author = {Oliver Kuhlemann},
	Date-Added = {2020-03-07 18:59:04 +0100},
	Date-Modified = {2020-03-10 11:57:22 +0100},
	Howpublished = {\url{http://kryptografie.de/kryptografie/chiffre/visuelle-kryptografie.htm}},
	Lastchecked = {2020-03-7},
	Title = {{Visuelle Kryptografie}}}

@article{shannon,
	Author = {Shannon, C. E.},
	Date-Added = {2020-03-07 18:44:52 +0100},
	Date-Modified = {2020-03-07 18:45:00 +0100},
	Doi = {10.1002/j.1538-7305.1949.tb00928.x},
	Eprint = {https://onlinelibrary.wiley.com/doi/pdf/10.1002/j.1538-7305.1949.tb00928.x},
	Journal = {Bell System Technical Journal},
	Number = {4},
	Pages = {656-715},
	Title = {{Communication Theory of Secrecy Systems}},
	Url = {https://onlinelibrary.wiley.com/doi/abs/10.1002/j.1538-7305.1949.tb00928.x},
	Volume = {28},
	Year = {1949},
	Bdsk-Url-1 = {https://onlinelibrary.wiley.com/doi/abs/10.1002/j.1538-7305.1949.tb00928.x},
	Bdsk-Url-2 = {https://doi.org/10.1002/j.1538-7305.1949.tb00928.x}}

@book{liu,
	Address = {New York},
	Author = {C L Liu},
	Date-Added = {2020-03-01 19:40:05 +0100},
	Date-Modified = {2020-03-09 19:25:56 +0100},
	Isbn = {9780070381247},
	Publisher = {McGraw-Hill},
	Title = {{Introduction to Combinatorial Mathematics}},
	Year = {1968}}

@article{shamir,
	Author = {Shamir, Adi},
	Date-Added = {2020-02-29 17:59:53 +0100},
	Date-Modified = {2020-03-01 19:41:20 +0100},
	Doi = {10.1145/359168.359176},
	Issn = {0001-0782},
	Journal = {Communications of the ACM},
	Month = {Nov},
	Number = {11},
	Pages = {612--613},
	Publisher = {Association for Computing Machinery (ACM)},
	Title = {How to share a secret},
	Url = {http://dx.doi.org/10.1145/359168.359176},
	Volume = {22},
	Year = {1979},
	Bdsk-Url-1 = {http://dx.doi.org/10.1145/359168.359176}}

@book{buchmann,
	Author = {Buchmann, Johannes},
	Date-Added = {2020-02-27 21:30:54 +0100},
	Date-Modified = {2020-03-09 19:25:39 +0100},
	Doi = {10.1007/978-3-642-39775-2},
	Isbn = {9783642397752},
	Issn = {0937-7433},
	Journal = {Springer-Lehrbuch},
	Publisher = {Springer Berlin Heidelberg},
	Title = {{Einf{\"u}hrung in die Kryptographie}},
	Url = {http://dx.doi.org/10.1007/978-3-642-39775-2},
	Year = {2016},
	Bdsk-Url-1 = {http://dx.doi.org/10.1007/978-3-642-39775-2}}
